<record xmlns='http://www.loc.gov/MARC21/slim'><leader>01231cam a2200301 a 4500</leader><controlfield tag='001'>23706</controlfield><controlfield tag='005'>20180919195700.0</controlfield><controlfield tag='008'>811123r19811685miu     a     000 0 eng d</controlfield><datafield ind1='1' ind2=' ' tag='019'><subfield code='a'>7787036</subfield></datafield><datafield ind1=' ' ind2=' ' tag='035'><subfield code='9'>(AuCNLDY)559</subfield></datafield><datafield ind1=' ' ind2=' ' tag='035'><subfield code='a'>23706</subfield></datafield><datafield ind1=' ' ind2=' ' tag='037'><subfield code='a'>CL0037000040</subfield><subfield code='b'>University Microfilms International</subfield></datafield><datafield ind1=' ' ind2=' ' tag='037'><subfield code='b'>University Microfilms International, 300 N. Zeeb Rd., Ann Arbor, MI 48106</subfield></datafield><datafield ind1=' ' ind2=' ' tag='040'><subfield code='a'>OCLC</subfield><subfield code='b'>eng</subfield><subfield code='c'>OCLC</subfield></datafield><datafield ind1=' ' ind2=' ' tag='043'><subfield code='a'>e-uk-en</subfield></datafield><datafield ind1='2' ind2=' ' tag='045'><subfield code='a'>u8u8</subfield><subfield code='b'>d1685</subfield><subfield code='b'>d1688</subfield></datafield><datafield ind1=' ' ind2=' ' tag='091'><subfield code='a'>mfm</subfield></datafield><datafield ind1='1' ind2=' ' tag='110'><subfield code='a'>England and Wales.</subfield><subfield code='b'>Sovereign (1685-1688 : James II)</subfield></datafield><datafield ind1='1' ind2='2' tag='245'><subfield code='a'>A proclamation of the Kings Majesties most gracious and general pardon</subfield><subfield code='h'>[microform].</subfield></datafield><datafield ind1=' ' ind2=' ' tag='260'><subfield code='a'>London :</subfield><subfield code='b'>Printed by Charles Bill, Henry Hills and Thomas Newcomb,</subfield><subfield code='c'>1685.</subfield></datafield><datafield ind1=' ' ind2=' ' tag='300'><subfield code='a'>1 broadside.</subfield></datafield><datafield ind1=' ' ind2=' ' tag='500'><subfield code='a'>Caption title.</subfield></datafield><datafield ind1=' ' ind2=' ' tag='500'><subfield code='a'>Reproduction of original in the Bodleian Library.</subfield></datafield><datafield ind1='4' ind2=' ' tag='510'><subfield code='a'>Wing</subfield><subfield code='c'>J363.</subfield></datafield><datafield ind1=' ' ind2=' ' tag='533'><subfield code='a'>Microfilm.</subfield><subfield code='b'>Ann Arbor, Mich. :</subfield><subfield code='c'>University Microfilms International,</subfield><subfield code='d'>1981.</subfield><subfield code='e'>1 microfilm reel ; 35 mm.</subfield><subfield code='f'>(Early English books, 1641-1700 ; 1208:18)</subfield></datafield><datafield ind1=' ' ind2='0' tag='651'><subfield code='a'>Great Britain</subfield><subfield code='x'>History</subfield><subfield code='y'>James II, 1685-1688</subfield><subfield code='x'>Sources.</subfield></datafield><datafield ind1='0' ind2=' ' tag='700'><subfield code='a'>James</subfield><subfield code='b'>II,</subfield><subfield code='c'>King of England,</subfield><subfield code='d'>1633-1701.</subfield></datafield><datafield ind1=' ' ind2='0' tag='830'><subfield code='a'>Early English books, 1641-1700 ;</subfield><subfield code='v'>1208:18.</subfield></datafield></record>